@inproceedings{Strongbox2018,
    title = {StrongBox: Confidentiality, Integrity, and Performance Using Stream Ciphers for Full Drive Encryption},
    author = {Dickens III, Bernard and Gunawi, Haryadi S. and Feldman, Ariel J. and Hoffmann, Henry},
    year = 2018,
    isbn = {9781450349116},
    publisher = {Association for Computing Machinery},
    address = {New York, NY, USA},
    doi = {10.1145/3173162.3173183},
    booktitle = {Proceedings of the Twenty-Third International Conference on Architectural Support for Programming Languages and Operating Systems},
    pages = {708--721},
    numpages = {14},
    keywords = {replay protected memory block, AES-XTS, dm-crypt, full disk encryption, high read performance, log-structured},
    location = {Williamsburg, VA, USA},
    series = {ASPLOS â€™18},
}
@article{muller2014systematic,
  title={A systematic assessment of the security of full disk encryption},
  author={M{\"u}ller, Tilo and Freiling, Felix C},
  journal={IEEE Transactions on Dependable and Secure Computing},
  volume={12},
  number={5},
  pages={491--503},
  year={2014},
  publisher={IEEE}
}
